

@Article{journals/cssc/Bush15,
  title =	"Реализация алгоритма Левенберга-Марквардта для оптимизации нейронных сетей на TensorFlow",
  author =	"AndreyGaskov",
  journal =	"Communications in Statistics - Simulation and
		 Computation",
  year = 	"2018",
  bibdate =	"2018-12-10",
  bibsource =	"https://habr.com/post/428183/"
}