
@Article{journals/cssc/Bush15,
  title =	"Sample Size Determination for Logistic Regression: A
		 Simulation Study",
  author =	"Stephen Bush",
  journal =	"Communications in Statistics - Simulation and
		 Computation",
  year = 	"2015",
  number =	"2",
  volume =	"44",
  bibdate =	"2017-05-18",
  bibsource =	"DBLP,
		 http://dblp.uni-trier.de/https://doi.org/10.1080/03610918.2013.777458;
		 DBLP,
		 http://dblp.uni-trier.de/db/journals/cssc/cssc44.html#Bush15",
  pages =	"360--373",
}
From DBLP (2011):

@InCollection{reference/stat/Cohen11a,
  title =	"Sample Size Determination",
  author =	"Michael P. Cohen",
  bibdate =	"2017-07-12",
  bibsource =	"DBLP,
		 http://dblp.uni-trier.de/https://doi.org/10.1007/978-3-642-04898-2_500;
		 DBLP,
		 http://dblp.uni-trier.de/db/reference/stat/stat2011.html#Cohen11a",
  booktitle =	"International Encyclopedia of Statistical Science",
  publisher =	"Springer",
  year = 	"2011",
  editor =	"Miodrag Lovric",
  ISBN = 	"978-3-642-04897-5; 978-3-642-04898-2",
  pages =	"1269--1271",
}


@Article{journals/jcam/MotrenkoSW14,
  title =	"Sample size determination for logistic regression",
  author =	"Anastasiya Motrenko and Vadim V. Strijov and
		 Gerhard-Wilhelm Weber",
  journal =	"J. Computational Applied Mathematics",
  year = 	"2014",
  volume =	"255",
  bibdate =	"2018-06-15",
  bibsource =	"DBLP,
		 http://dblp.uni-trier.de/https://doi.org/10.1016/j.cam.2013.06.031;
		 DBLP,
		 http://dblp.uni-trier.de/db/journals/jcam/jcam255.html#MotrenkoSW14",
  pages =	"743--752",
}