
@Article{journals/jcam/MotrenkoSW14,
	title =	"Sample size determination for logistic regression",
	author =	"Anastasiya Motrenko and Vadim V. Strijov and
	Gerhard-Wilhelm Weber",
	journal =	"J. Computational Applied Mathematics",
	year = 	"2014",
	volume =	"255",
	bibdate =	"2018-06-15",
	bibsource =	"DBLP,
	http://dblp.uni-trier.de/https://doi.org/10.1016/j.cam.2013.06.031;
	DBLP,
	http://dblp.uni-trier.de/db/journals/jcam/jcam255.html#MotrenkoSW14",
	pages =	"743--752",
}


@Article{journals/cssc/Martini08,
	title =	"Evaluating the Risk in Sample Size Determination",
	author =	"Daniele De Martini",
	journal =	"Communications in Statistics - Simulation and
	Computation",
	year = 	"2008",
	number =	"9",
	volume =	"37",
	bibdate =	"2017-05-18",
	bibsource =	"DBLP,
	http://dblp.uni-trier.de/https://doi.org/10.1080/03610910802296505;
	DBLP,
	http://dblp.uni-trier.de/db/journals/cssc/cssc37.html#Martini08",
	pages =	"1776--1784",
}

@Article{oai:eprints.soton.ac.uk:30111,
	title =	"Sample size determination for constructing a constant
	width confidence interval for a binomial success
	probability",
	author =	"W. Liu and B. J. R. Bailey",
	year = 	"2002",
	abstract =	"This article determines the sample size required to
	construct a confidence interval for the success
	probability of an event with preassigned width 2d and
	confidence level 1??. For ?=0.10,0.05,0.01 and
	d=0.01(0.01)0.05, the sample size is tabulated and the
	corresponding confidence interval defined. For other
	values of ? and d, Fortran 77 programs are available
	from the authors.",
	bibsource =	"OAI-PMH server at eprints.soton.ac.uk",
	oai =  	"oai:eprints.soton.ac.uk:30111",
	relation =	"10.1016/S0167-7152(01)00029-3",
	type = 	"PeerReviewed",
	URL =  	"https://eprints.soton.ac.uk/30111/; Liu, W. and
	Bailey, B.J.R. (2002) Sample size determination for
	constructing a constant width confidence interval for a
	binomial success probability. Statistics \& Probability
	Letters, 56 (1), 1-5.
	(doi:10.1016/S0167-7152(01)00029-3
	<http://dx.doi.org/10.1016/S0167-7152(01)00029-3>;).",
}


@Article{journals/technometrics/TsengTL07,
	title =	"Sample Size Determination for Achieving Stability of
	Double Multivariate Exponentially Weighted Moving
	Average Controller",
	author =	"Sheng-Tsaing Tseng and Jen Tang and Chien-Hua Lin",
	journal =	"Technometrics",
	year = 	"2007",
	number =	"4",
	volume =	"49",
	bibdate =	"2017-05-27",
	bibsource =	"DBLP,
	http://dblp.uni-trier.de/https://doi.org/10.1198/004017007000000326;
	DBLP,
	http://dblp.uni-trier.de/db/journals/technometrics/technometrics49.html#TsengTL07",
	pages =	"409--419",
}


@article{krejcie1970determining,
	title={Determining sample size for research activities},
	author={Krejcie, Robert V and Morgan, Daryle W},
	journal={Educational and psychological measurement},
	volume={30},
	number={3},
	pages={607--610},
	year={1970},
	publisher={sage publications Sage CA: Los Angeles, CA}
}
